@article{flajolet_automata,
    author = "P. Flajolet , P. Sipala, and J.-M. Steyaert",
    title = "{Analytic variations on the common subexpression problem}
    [{In} Automata, languages and programming (Coventry, 1990)]",
    journal = "Lecture Notes in Comput. Sci.",
    volume = "443",
    pages = "220-234",
    year = "1990",
    DOI = "https://doi.org/10.1007/BFb0032034",
    keywords = "Binary Tree,Node Degree,Computer Algebra,System Node,Type Compact Size"
}

@article{bryant_graph,
    author = "R.E Bryant",
    title = "{Graph-based algorithms for boolean function manipulation}",
    journal = "IEEE Trans. Computers",
    volume = "35",
    pages = "677-691",
    number = "8",
    year = "1986",
    DOI = "https://doi.org/10.1109/TC.1986.1676819",
    keywords = "Boolean functions,binary decision diagrams,logic design verification,symbolic manipulation"
}

@book{wegner,
    title = {Branching Programs and Binary Decision Diagrams: Theory and Applications},
    author = {Ingo Wegener},
    series = {Monographs on Discrete Mathematics and Applications (Book 4)},
    isbn = {9780898714586},
    year = {2000},
    editor = {SIAM},
    publisher = {Society for Industrial and Applied Mathematics},
    DOI = "https://doi.org/10.1137/1.9780898719789"
}

@article{newton,
    author = "Jim Newton, Didier Verna",
    title = "{A theoretical and numerical analysis of the worst-case size of reduced ordered binary decision diagrams}",
    journal = "ACM Transactions on Computational Logic",
    volume = "20",
    number = "6",
    pages = "1-36",
    year = "2019",
    DOI = "https://doi.org/10.1145/3274279",
    keywords = "Boolean functions,binary decision diagrams,logic design verification,symbolic manipulation"
}

@article{gropl,
    author = "Clemens Gröpl, Hans Jürgen Prömel, Anand Srivastav",
    title = "{Ordered binary decision diagrams and the shannon effect}",
    journal = "Discrete Applied Mathematics",
    volume = "142",
    number = "1",
    pages = "67-85",
    year = "2004",
    DOI = "https://doi.org/10.1016/j.dam.2003.02.003",
    keywords = "Binary decision diagram,Boolean function,Probabilistic analysis,Shannon effect"
}

@article{wilf,
    author = "Albert Nijenhuis,Herbert S. Wilf",
    title = "{Combinatorial algorithms: An update}",
    journal = "SIAM",
    year = "1989"
}

@book{knuth,
    title = {The Art of Computer Programming},
    author = {Donald E. Knuth},
    isbn = {9780201038040},
    volume = {4A},
    chapter = {Combinatorial Algorithms},
    year = {2011},
    publisher = {Addison-Wesley}
}

@book{shannon,
    title = {Trans. Amer. Inst. Electrical Engineers},
    author = {Claude Shannon},
    volume = {57},
    year = {1938},
    pages = {713-723}
}

@article{lee,
    author = "C. Y. Lee",
    title = "{Representation of Switching Circuits by Binary-Decision Programs}",
    journal = "Bell System Technical Journal",
    volume = "38",
    pages = "985–999",
    year = "1959",
    DOI = "https://doi.org/10.1002/j.1538-7305.1959.tb01585.x"
}

@article{genitrini,
    author = "Julien Clément, Antoine Genitrini",
    title = "{Binary Decision Diagrams: from Tree Compaction to Sampling}",
    year = "2020"
}